@online{quakerBeanImg,
    author = {Josephine Walbank},
    title = {Everything you need to know about quaker coffee beans},
    date = {2022-05-10},
    url = {https://mtpak.coffee/2022/05/everything-you-need-to-know-about-quaker-coffee-beans/},
    urldate = {2024-01-25},
}

@online{colourSorterImg,
    author = "{Barista Hustle}",
    title = {Post-Roast Sorting},
    date = {2022-06-10},
    url = {https://www.baristahustle.com/blog/post-roast-sorting/},
    urldate = {2024-01-25},
}

@article{hyperspectralChen,
title = {Real-time defect inspection of green coffee beans using NIR snapshot hyperspectral imaging},
journal = {Computers and Electronics in Agriculture},
volume = {197},
pages = {106970},
year = {2022},
issn = {0168-1699},
doi = {https://doi.org/10.1016/j.compag.2022.106970},
url = {https://www.sciencedirect.com/science/article/pii/S0168169922002873},
author = {Shih-Yu Chen and Ming-Feng Chiu and Xue-Wei Zou},
keywords = {Hyperspectral imaging, Real-time defect inspection, Coffee beans, Convolutional neural network},
}

@article{manyRoastLevelsNasution,
doi = {10.1088/1757-899X/180/1/012059},
url = {https://dx.doi.org/10.1088/1757-899X/180/1/012059},
year = {2017},
month = {mar},
publisher = {IOP Publishing},
volume = {180},
number = {1},
pages = {012059},
author = {T H Nasution and U Andayani},
title = {Recognition of Roasted Coffee Bean Levels using Image Processing and Neural Network},
journal = {IOP Conference Series: Materials Science and Engineering},
}

@article{hyperspectralGreenOliveri,
title = {An innovative multivariate strategy for HSI-NIR images to automatically detect defects in green coffee},
journal = {Talanta},
volume = {199},
pages = {270-276},
year = {2019},
issn = {0039-9140},
doi = {https://doi.org/10.1016/j.talanta.2019.02.049},
url = {https://www.sciencedirect.com/science/article/pii/S0039914019301833},
author = {Paolo Oliveri and Cristina Malegori and Monica Casale and Edoardo Tartacca and Gianni Salvatori},
keywords = {Hyperspectral Imaging (HSI), Near infrared spectroscopy (NIR), Green coffee, Defect identification, -nearest neighbors (-NN), Object-based data processing},
}